<record><leader>00000cas a2200000 a 4500</leader><controlfield tag="001">11467069</controlfield><controlfield tag="008">841207d18891889ksuwr ne      0   a0eng d</controlfield><datafield ind1=" " ind2=" " tag="010"><subfield code="a">sn 84030077 </subfield></datafield><datafield ind1=" " ind2=" " tag="040"><subfield code="a">KSH</subfield><subfield code="b">eng</subfield><subfield code="c">KSH</subfield><subfield code="d">NPT</subfield><subfield code="d">OCL</subfield><subfield code="d">OCLCQ</subfield></datafield><datafield ind1=" " ind2=" " tag="042"><subfield code="a">msc</subfield></datafield><datafield ind1="0" ind2=" " tag="130"><subfield code="a">Gray County republican (Montezuma, Kan.)</subfield></datafield><datafield ind1="1" ind2="0" tag="245"><subfield code="a">Gray County republican.</subfield></datafield><datafield ind1=" " ind2=" " tag="260"><subfield code="a">Montezuma, Kan. :</subfield><subfield code="b">Republican Pub. Co.</subfield></datafield><datafield ind1=" " ind2=" " tag="300"><subfield code="a">v. ;</subfield><subfield code="c">59 cm.</subfield></datafield><datafield ind1=" " ind2=" " tag="310"><subfield code="a">Weekly</subfield></datafield><datafield ind1="1" ind2=" " tag="362"><subfield code="a">Began in 1889; ceased with July 25, 1889 issue?</subfield></datafield><datafield ind1=" " ind2=" " tag="500"><subfield code="a">Published by Murphy &amp; Hill, July 11, 1889-</subfield></datafield><datafield ind1=" " ind2=" " tag="588"><subfield code="a">Description based on: Vol. 1, no. 5 (Mar. 7, 1889).</subfield></datafield><datafield ind1=" " ind2=" " tag="752"><subfield code="a">United States</subfield><subfield code="b">Kansas</subfield><subfield code="c">Gray</subfield><subfield code="d">Montezuma.</subfield></datafield><datafield ind1="0" ind2="5" tag="780"><subfield code="t">Montezuma chief (Montezuma, Kan. : 1886)</subfield><subfield code="g">Apr. 18, 1889</subfield><subfield code="w">(DLC)sn 84030078</subfield></datafield><datafield ind1="0" ind2="0" tag="785"><subfield code="t">Weekly messenger (Ingalls, Kan.)</subfield><subfield code="w">(DLC)sn 84030076</subfield></datafield></record>